<record><leader>00000cas a22000007a 4500</leader><controlfield tag="001">21632238</controlfield><controlfield tag="008">900530d19191932couwr ne      0    0eng d</controlfield><datafield ind1=" " ind2=" " tag="010"><subfield code="a">sn 90051351 </subfield></datafield><datafield ind1=" " ind2=" " tag="040"><subfield code="a">CNQ</subfield><subfield code="b">eng</subfield><subfield code="c">CNQ</subfield><subfield code="d">OCLCQ</subfield></datafield><datafield ind1=" " ind2=" " tag="042"><subfield code="a">msc</subfield></datafield><datafield ind1="0" ind2="0" tag="245"><subfield code="a">Cortez journal-herald.</subfield></datafield><datafield ind1=" " ind2=" " tag="260"><subfield code="a">Cortez, Montezuma County, Colo. :</subfield><subfield code="b">C.A. Frederick</subfield></datafield><datafield ind1=" " ind2=" " tag="300"><subfield code="a">v.</subfield></datafield><datafield ind1=" " ind2=" " tag="310"><subfield code="a">Weekly</subfield></datafield><datafield ind1="0" ind2=" " tag="362"><subfield code="a">Vol. 32, no. 18 (Sept. 25, 1919)-43rd year, no. 52 (May 5, 1932).</subfield></datafield><datafield ind1=" " ind2=" " tag="530"><subfield code="a">Available on microfilm from the Colorado Historical Society.</subfield></datafield><datafield ind1=" " ind2=" " tag="752"><subfield code="a">United States</subfield><subfield code="b">Colorado</subfield><subfield code="c">Montezuma</subfield><subfield code="d">Cortez.</subfield></datafield><datafield ind1="0" ind2="0" tag="780"><subfield code="t">Montezuma journal and the Cortez herald</subfield><subfield code="w">(DLC)sn 90051350</subfield></datafield><datafield ind1="0" ind2="0" tag="785"><subfield code="t">Montezuma Valley journal</subfield><subfield code="w">(DLC)sn 90051355</subfield></datafield></record>